@article{Khan2019,
   author = {Wazir Zada Khan and Ejaz Ahmed and Saqib Hakak and Ibrar Yaqoob and Arif Ahmed},
   doi = {10.1016/j.future.2019.02.050},
   issn = {0167739X},
   journal = {Future Generation Computer Systems},
   keywords = {Cloud computing,Cloudlets,Edge computing,Fog computing,Micro clouds,Mobile edge computing},
   month = {8},
   pages = {219-235},
   publisher = {Elsevier B.V.},
   title = {Edge computing: A survey},
   volume = {97},
   year = {2019}
}
@inproceedings{Bajic2019,
   author = {Bojana Bajic and Ilija Cosic and Branko Katalinic and Slobodan Moraca and Milovan Lazarevic and Aleksandar Rikalovic},
   doi = {10.2507/30th.daaam.proceedings.120},
   issn = {17269679},
   issue = {1},
   booktitle = {Annals of DAAAM and Proceedings of the International DAAAM Symposium},
   keywords = {Cloud Computing,Data Analytics,Edge Computing,Industry 4.0,Internet of Things (IoT)},
   pages = {864-871},
   publisher = {Danube Adria Association for Automation and Manufacturing, DAAAM},
   title = {Edge computing vs. Cloud computing: Challenges and opportunities in industry 4.0},
   volume = {30},
   year = {2019}
}
@misc{Sadiku2014,
   author = {Matthew N.O. Sadiku and Sarhan M. Musa and Omonowo D. Momoh},
   doi = {10.1109/MPOT.2013.2279684},
   issn = {02786648},
   issue = {1},
   journal = {IEEE Potentials},
   month = {2},
   pages = {34-36},
   title = {Cloud computing: Opportunities and challenges},
   volume = {33},
   year = {2014}
}
@article{Dave2021,
   author = {Rushit Dave and Naeem Seliya and Nyle Siddiqui},
   doi = {10.12691/jcsa-9-x-x},
   issue = {x},
   journal = {Journal of Computer Sciences and Applications},
   keywords = {Internet of Things (IoT),cloud computing,edge computing,healthcare,smart city},
   pages = {XX-XX},
   title = {The Benefits of Edge Computing in Healthcare, Smart Cities, and IoT},
   volume = {9},
   url = {http://pubs.sciepub.com/jcsa/9/x/x},
   year = {2021}
}
@article{9063670,
  author={Khan, Latif U. and Yaqoob, Ibrar and Tran, Nguyen H. and Kazmi, S. M. Ahsan and Dang, Tri Nguyen and Hong, Choong Seon},
  journal={IEEE Internet of Things Journal}, 
  title={Edge-Computing-Enabled Smart Cities: A Comprehensive Survey}, 
  year={2020},
  volume={7},
  number={10},
  pages={10200-10232},
  keywords={Edge computing;Smart cities;Cloud computing;Internet of Things;Autonomous automobiles;Accidents;Cloudlet;fog computing;Internet of Things (IoT);micro data centers;mobile cloud computing (MCC);mobile-edge computing;smart cities},
  doi={10.1109/JIOT.2020.2987070}
}
@article{Ghadi2024,
   author = {Yazeed Yasin Ghadi and Syed Faisal Abbas Shah and Tehseen Mazhar and Tariq Shahzad and Khmaies Ouahada and Habib Hamam},
   doi = {10.1186/s13677-024-00654-4},
   issn = {2192-113X},
   issue = {1},
   journal = {Journal of Cloud Computing},
   month = {5},
   pages = {93},
   title = {Enhancing patient healthcare with mobile edge computing and 5G: challenges and solutions for secure online health tools},
   volume = {13},
   year = {2024}
}
@article{Osama2023,
   author = {Manar Osama and Abdelhamied A. Ateya and Mohammed S. Sayed and Mohamed Hammad and Paweł Pławiak and Ahmed A. Abd El-Latif and Rania A. Elsayed},
   doi = {10.3390/s23177435},
   issn = {1424-8220},
   issue = {17},
   journal = {Sensors},
   month = {8},
   pages = {7435},
   title = {Internet of Medical Things and Healthcare 4.0: Trends, Requirements, Challenges, and Research Directions},
   volume = {23},
   year = {2023}
}
@article{Ghazizadeh2024,
   author = {Elham Ghazizadeh and Zahra Naseri and Hans-Peter Deigner and Hossein Rahimi and Zeynep Altintas},
   doi = {10.3389/fmed.2024.1390634},
   issn = {2296-858X},
   journal = {Frontiers in Medicine},
   month = {7},
   title = {Approaches of wearable and implantable biosensor towards of developing in precision medicine},
   volume = {11},
   year = {2024}
}
@article{Kireev2022,
   author = {Dmitry Kireev and Jameson Kampfe and Alena Hall and Deji Akinwande},
   doi = {10.1038/s41699-022-00324-6},
   issn = {2397-7132},
   issue = {1},
   journal = {npj 2D Materials and Applications},
   month = {7},
   pages = {46},
   title = {Graphene electronic tattoos 2.0 with enhanced performance, breathability and robustness},
   volume = {6},
   year = {2022}
}
@article{Alshareef2023,
   author = {Hazzaa N. Alshareef},
   doi = {10.14569/IJACSA.2023.0140337},
   issn = {21565570},
   issue = {3},
   journal = {International Journal of Advanced Computer Science and Applications},
   title = {Current Development, Challenges, and Future Trends in Cloud Computing: A Survey},
   volume = {14},
   year = {2023}
}
@article{Carvalho2021,
   author = {Gonçalo Carvalho and Bruno Cabral and Vasco Pereira and Jorge Bernardino},
   doi = {10.1007/s00607-020-00896-5},
   issn = {0010-485X},
   issue = {5},
   journal = {Computing},
   month = {5},
   pages = {993-1023},
   title = {Edge computing: current trends, research challenges and future directions},
   volume = {103},
   year = {2021}
}
@article{Singh2021,
   author = {Ashish Singh and Kakali Chatterjee},
   doi = {10.1016/j.cose.2021.102353},
   issn = {01674048},
   journal = {Computers \& Security},
   month = {9},
   pages = {102353},
   title = {Securing smart healthcare system with edge computing},
   volume = {108},
   year = {2021}
}
@article{Klonoff2017,
   author = {David C. Klonoff},
   doi = {10.1177/1932296817717007},
   issn = {1932-2968},
   issue = {4},
   journal = {Journal of Diabetes Science and Technology},
   month = {7},
   pages = {647-652},
   title = {Fog Computing and Edge Computing Architectures for Processing Data From Diabetes Devices Connected to the Medical Internet of Things},
   volume = {11},
   year = {2017}
}
@article{Joshi2020,
   author = {Amit M. Joshi and Prateek Jain and Saraju P. Mohanty and Navneet Agrawal},
   doi = {10.1109/TCE.2020.3011966},
   issn = {15584127},
   issue = {4},
   journal = {IEEE Transactions on Consumer Electronics},
   keywords = {Internet-of-Medical-Things (IoMT),Smart home,capillary and serum glucose,deep neural network (DNN),glucose measurement,near infrared (NIR) spectroscopy,non-invasive device,regression model,smart healthcare,smart wearable},
   month = {11},
   pages = {327-335},
   publisher = {Institute of Electrical and Electronics Engineers Inc.},
   title = {IGLU 2.0: A New Wearable for Accurate Non-Invasive Continuous Serum Glucose Measurement in IoMT Framework},
   volume = {66},
   year = {2020}
}
@article{Matsumura2024,
   author = {Guren Matsumura and Satoko Honda and Takamasa Kikuchi and Yuuki Mizuno and Hyuga Hara and Yoshiki Kondo and Haruki Nakamura and Shin Watanabe and Kiyoshi Hayakawa and Kohei Nakajima and Kuniharu Takei},
   doi = {10.1016/j.device.2024.100597},
   issn = {26669986},
   journal = {Device},
   keywords = {DTI-4: Validate,echo state network,edge computing,flexible sensors,healthcare,multimodal sensor patch,remote monitoring,reservoir computing,wearable sensors},
   month = {2},
   publisher = {Cell Press},
   title = {Real-time personal healthcare data analysis using edge computing for multimodal wearable sensors},
   year = {2024}
}
@inproceedings{Prabhu2022,
   author = {Makarand Prabhu and Aravind Hanumanthaiah},
   doi = {10.1109/WiSPNET54241.2022.9767142},
   isbn = {9781665496483},
   booktitle = {2022 International Conference on Wireless Communications, Signal Processing and Networking, WiSPNET 2022},
   keywords = {Edge Computing,EdgeX Foundry,Internet of Things,telemedicine},
   pages = {349-353},
   publisher = {Institute of Electrical and Electronics Engineers Inc.},
   title = {Edge Computing-Enabled Healthcare Framework to Provide Telehealth Services},
   year = {2022}
}
@inproceedings{Wang2022,
    author = {Wang, Ying and Tran, Patricia and Wojtusiak, Janusz},
    year = {2022},
    month = {01},
    pages = {491-498},
    title = {From Wearable Device to OpenEMR: 5G Edge Centered Telemedicine and Decision Support System},
    doi = {10.5220/0010837600003123},
    booktitle = {15th International Conference on Health Informatics}
}
@legislation{BOE,
  title        = {Ley Orgánica 3/2018, de 5 de diciembre, de Protección de Datos Personales y garantía de los derechos digitales},
  number       = {3/2018},
  date         = {2018-12-06},
  series       = {Boletín Oficial del Estado},
  institution  = {Jefatura del Estado},
  url          = {https://www.boe.es/buscar/pdf/2018/BOE-A-2018-16673-consolidado.pdf},
  urldate      = {2025-04-26},  
  language     = {spanish},
}
@legislation{EEDS,
  title        = {Reglamento (UE) 2025/327 del Parlamento Europeo y del Consejo, de 11 de febrero de 2025, relativo al Espacio Europeo de Datos de Salud, y por el que se modifican la Directiva 2011/24/UE y el Reglamento (UE) 2024/2847},
  number       = {2025/327},
  date         = {2025-02-11},
  series       = {Diario Oficial de la Unión Europea, Serie L},
  volume       = {327},
  pages        = {1--96},
  institution  = {Parlamento Europeo y Consejo},
  url          = {https://eur-lex.europa.eu/legal-content/ES/TXT/PDF/?uri=OJ:L_202500327},
  urldate      = {2025-04-26},
  language     = {spanish},
}
@article{Cao2023,
   author = {Wei Cao and Wenting Shen and Zhixiang Zhang and Jing Qin},
   doi = {10.1016/j.cose.2023.103464},
   issn = {01674048},
   journal = {Computers \& Security},
   month = {11},
   pages = {103464},
   title = {Privacy-preserving healthcare monitoring for IoT devices under edge computing},
   volume = {134},
   year = {2023}
}
@article{Wang2024,
   author = {Lianhai Wang and Xiaoqian Liu and Wei Shao and Chenxi Guan and Qihao Huang and Shujiang Xu and Shuhui Zhang},
   doi = {10.3390/sym16010089},
   issn = {2073-8994},
   issue = {1},
   journal = {Symmetry},
   month = {1},
   pages = {89},
   title = {A Blockchain-Based Privacy-Preserving Healthcare Data Sharing Scheme for Incremental Updates},
   volume = {16},
   year = {2024}
}
@article{Rieke2020,
   author = {Nicola Rieke and Jonny Hancox and Wenqi Li and Fausto Milletarì and Holger R. Roth and Shadi Albarqouni and Spyridon Bakas and Mathieu N. Galtier and Bennett A. Landman and Klaus Maier-Hein and Sébastien Ourselin and Micah Sheller and Ronald M. Summers and Andrew Trask and Daguang Xu and Maximilian Baust and M. Jorge Cardoso},
   doi = {10.1038/s41746-020-00323-1},
   issn = {2398-6352},
   issue = {1},
   journal = {npj Digital Medicine},
   month = {9},
   pages = {119},
   title = {The future of digital health with federated learning},
   volume = {3},
   year = {2020}
}
@article{Chen2014,
   author = {Min Chen and Shiwen Mao and Yunhao Liu},
   doi = {10.1007/s11036-013-0489-0},
   issn = {1383-469X},
   issue = {2},
   journal = {Mobile Networks and Applications},
   month = {4},
   pages = {171-209},
   title = {Big Data: A Survey},
   volume = {19},
   year = {2014}
}
@article{Khan2014,
   author = {Nawsher Khan and Ibrar Yaqoob and Ibrahim Abaker Targio Hashem and Zakira Inayat and Waleed Kamaleldin Mahmoud Ali and Muhammad Alam and Muhammad Shiraz and Abdullah Gani},
   doi = {10.1155/2014/712826},
   issn = {2356-6140},
   journal = {The Scientific World Journal},
   pages = {1-18},
   title = {Big Data: Survey, Technologies, Opportunities, and Challenges},
   volume = {2014},
   year = {2014}
}
@article{Veeramachaneni2025,
   author = {Vinod Veeramachaneni},
   doi = {10.5281/zenodo.14166793},
   issue = {1},
   journal = {Recent Trends in Computer Graphics and Multimedia Technology},
   keywords = {5G,Adaptive Resource Management,Data Privacy,Decentralized Architecture,Edge Computing,Industry 50,IoT Integration,Latency Reduction,Real-Time Processing},
   title = {Edge Computing: Architecture, Applications, and Future Challenges in a Decentralized Era},
   volume = {7},
   url = {https://doi.org/10.5281/zenodo.14166793},
   year = {2025}
}
@misc{Tlemcani2025,
   author = {K. Tlemcani and K. Azbeg and E. Saoudi and L. Fetjah and O. Ouchetto and S. Jai Andaloussi},
   doi = {10.1109/ACCESS.2025.3531350},
   issn = {21693536},
   journal = {IEEE Access},
   keywords = {Blockchain technology,IoT,diabetes management,edge computing,healthcare management,scalability challenges},
   pages = {14426-14443},
   publisher = {Institute of Electrical and Electronics Engineers Inc.},
   title = {Empowering Diabetes Management Through Blockchain and Edge Computing: A Systematic Review of Healthcare Innovations and Challenges},
   volume = {13},
   year = {2025}
}
@article{Rancea2024,
   author = {Alexandru Rancea and Ionut Anghel and Tudor Cioara},
   doi = {10.3390/fi16090329},
   issn = {19995903},
   issue = {9},
   journal = {Future Internet},
   month = {9},
   pages = {329},
   publisher = {MDPI AG},
   title = {Edge Computing in Healthcare: Innovations, Opportunities, and Challenges},
   volume = {16},
   year = {2024}
}
@article{Christo2021,
   author = {Mary Subaja Christo and V. Elizabeth Jesi and Uma Priyadarsini and V. Anbarasu and Hridya Venugopal and Marimuthu Karuppiah},
   doi = {10.1155/2021/6966206},
   issn = {1939-0122},
   journal = {Security and Communication Networks},
   month = {10},
   pages = {1-13},
   title = {Ensuring Improved Security in Medical Data Using ECC and Blockchain Technology with Edge Devices},
   volume = {2021},
   year = {2021}
}
@article{Nguyen2021,
   author = {Dinh C. Nguyen and Pubudu N. Pathirana and Ming Ding and Aruna Seneviratne},
   doi = {10.1109/JIOT.2021.3058953},
   issn = {2327-4662},
   issue = {14},
   journal = {IEEE Internet of Things Journal},
   month = {7},
   pages = {11743-11757},
   title = {BEdgeHealth: A Decentralized Architecture for Edge-Based IoMT Networks Using Blockchain},
   volume = {8},
   year = {2021}
}

