@article{Babaousmail2021,
   author = {Hassen Babaousmail and Rongtao Hou and Gnim Tchalim Gnitou and Brian Ayugi},
   doi = {10.1016/j.jastp.2021.105614},
   issn = {13646826},
   journal = {Journal of Atmospheric and Solar-Terrestrial Physics},
   keywords = {Convolutional autoencoder,GCMs,North Africa,Rainfall,Rossby center (RCA4),SDM},
   month = {7},
   publisher = {Elsevier Ltd},
   title = {Novel statistical downscaling emulator for precipitation projections using deep Convolutional Autoencoder over Northern Africa},
   volume = {218},
   year = {2021},
}
@article{Bardossy1992,
  author = {Andras Bardossy and Erich J Plate},
  doi = {10.1029/91WR02589},
  journal = {Water Resources Research},
  pages = {1247-1259},
  title = {Space-Time Model for Daily Rainfall Using Atmospheric Circulation Patterns},
  volume = {28},
  year = {1992},
}
@article{Ailliot2015,
   author = {Pierre Ailliot and Denis Allard and Valérie Monbet and Philippe Naveau and P Ailliot and D Allard and V Monbet and P Naveau},
   issn = {2102-6238},
   issue = {1},
   journal = {Journal de la Société Française de Statistique},
   keywords = {62P12,Modèles à Changements de Régimes,Precipitation,Précipitations,Regime Switching Models,Stochastic Weather Generators,Type de temps AMS 2000 subject classifications: 62-02,Weather Type Mots-clés : Générateurs aléatoires de conditions météorologiques},
   pages = {101-113},
   title = {Stochastic weather generators: an overview of weather type models},
   volume = {156},
   url = {http://www.sfds.asso.fr/journal},
   year = {2015},
}
@article{Abuarrea2005,
   author = {Jesús Abuarrea and Jesús Asín},
   doi = {10.3354/cr028183},
   issn = {0936577X},
   issue = {3},
   journal = {Climate Research},
   keywords = {Climate change,Daily rainfall,Statistical downscaling},
   month = {5},
   pages = {183-197},
   publisher = {Inter-Research},
   title = {Forecasting local daily precipitation patterns in a climate change scenario},
   volume = {28},
   year = {2005},
}
@article{Cannon2008,
   author = {Alex J. Cannon},
   doi = {10.1175/2008JHM960.1},
   issn = {1525755X},
   issue = {6},
   journal = {Journal of Hydrometeorology},
   title = {Probabilistic multisite precipitation downscaling by an expanded Bernoulli-gamma density network},
   volume = {9},
   year = {2008},
}
@article{basado,
   author = {Jorge {Baño Medina} and Rodrigo Manzanas and José Manuel Gutiérrez},
   doi = {10.5194/gmd-13-2109-2020},
   issn = {19919603},
   issue = {4},
   journal = {Geoscientific Model Development},
   month = {4},
   pages = {2109-2124},
   publisher = {Copernicus GmbH},
   title = {Configuration and intercomparison of deep learning neural models for statistical downscaling},
   volume = {13},
   year = {2020},
}
@article{PhD,
   author = {Jorge {Baño Medina}},
   journal = {PhD Thesis. Universidad de Cantabria},
   title = {Deep Convolutional neural networks for statistical downscaling of climate change projections},
   year = {2021},
}
@book{Maraun2018,
   author = {Douglas Maraun and Martin Widmann},
   doi = {10.1017/9781107588783},
   isbn = {9781107066052},
   month = {1},
   pages = {133-224},
   publisher = {Cambridge University Press},
   title = {Statistical Downscaling and Bias Correction for Climate Research},
   year = {2018},
}
@book{datasplit,
   author = {Z. {Reitermanová}},
   isbn = {9788073781392},
   title = {Data Splitting},
   year = {2010},
}
@article{2022,
   author = {Jorge {Baño Medina} and Rodrigo Manzanas and Ezequiel Cimadevilla and Jesus Fernandez and Jose Gonzalez-Abad and Antonio S. Cofinõ and Jose Manuel Gutierrez},
   doi = {10.5194/gmd-15-6747-2022},
   issn = {19919603},
   issue = {17},
   journal = {Geoscientific Model Development},
   month = {9},
   pages = {6747-6758},
   publisher = {Copernicus Publications},
   title = {Downscaling multi-model climate projection ensembles with deep learning (DeepESD): Contribution to CORDEX EUR-44},
   volume = {15},
   year = {2022},
}
@article{perez2014evaluation,
  title={Evaluation of {WRF} parameterizations for dynamical downscaling in the {Canary Islands}},
  author={P{\'e}rez, JC and D{\'\i}az, JP and Gonz{\'a}lez, A and Exp{\'o}sito, J and Rivera-L{\'o}pez, F and Taima, D},
  journal={Journal of climate},
  volume={27},
  number={14},
  pages={5611--5631},
  year={2014},
doi={https://doi.org/10.1175/JCLI-D-13-00458.1}
}

@article{exposito2015high,
  title={High-resolution future projections of temperature and precipitation in the {Canary Islands}},
  author={Exp{\'o}sito, Francisco J and Gonz{\'a}lez, Albano and P{\'e}rez, Juan C and D{\'\i}az, Juan P and Taima, David},
  journal={Journal of Climate},
  volume={28},
  number={19},
  pages={7846--7856},
  year={2015},
  publisher={American Meteorological Society},
  doi={https://doi.org/10.1175/JCLI-D-15-0030.1}
}

@inproceedings{Skamarock2019ADO,
  title={A Description of the Advanced Research WRF Model Version 4},
  author={C. Skamarock and Bogumiła Klemp and Jimy Dudhia and O. Gill and Zhiquan Liu and Judith Berner and Wei Wang and G. Powers and Greg Duda and Dale Melvyn Barker and Xiangyu Huang},
  year={2019},
  url={https://api.semanticscholar.org/CorpusID:196211930}
}

@article{era5,
author = {Hersbach, Hans and Bell, Bill and Berrisford, Paul and Hirahara, Shoji and Horányi, András and Muñoz-Sabater, Joaquín and Nicolas, Julien and Peubey, Carole and Radu, Raluca and Schepers, Dinand and Simmons, Adrian and Soci, Cornel and Abdalla, Saleh and Abellan, Xavier and Balsamo, Gianpaolo and Bechtold, Peter and Biavati, Gionata and Bidlot, Jean and Bonavita, Massimo and De Chiara, Giovanna and Dahlgren, Per and Dee, Dick and Diamantakis, Michail and Dragani, Rossana and Flemming, Johannes and Forbes, Richard and Fuentes, Manuel and Geer, Alan and Haimberger, Leo and Healy, Sean and Hogan, Robin J. and Hólm, Elías and Janisková, Marta and Keeley, Sarah and Laloyaux, Patrick and Lopez, Philippe and Lupu, Cristina and Radnoti, Gabor and de Rosnay, Patricia and Rozum, Iryna and Vamborg, Freja and Villaume, Sebastien and Thépaut, Jean-Noël},
title = {The ERA5 global reanalysis},
journal = {Quarterly Journal of the Royal Meteorological Society},
volume = {146},
number = {730},
pages = {1999-2049},
doi = {https://doi.org/10.1002/qj.3803},
year = {2020}
}
@article{Ashraf2020,
   author = {Rehan Ashraf and Muhammad Asif Habib and Muhammad Akram and Muhammad Ahsan Latif and Muhammad Sheraz Arshad Malik and Muhammad Awais and Saadat Hanif Dar and Toqeer Mahmood and Muhammad Yasir and Zahoor Abbas},
   doi = {10.1109/ACCESS.2020.2998808},
   issn = {21693536},
   journal = {IEEE Access},
   keywords = {Medical image classification,big data,biomedical image processing,convolution neural network,deep learning,image analysis,image enhancement,pre-trained DCNN},
   pages = {105659-105670},
   publisher = {Institute of Electrical and Electronics Engineers Inc.},
   title = {Deep Convolution Neural Network for Big Data Medical Image Classification},
   volume = {8},
   year = {2020},
}
@article{Li2023,
   author = {Kexuan Li and Fangfang Wang and Lingli Yang and Ruiqi Liu},
   doi = {10.1016/j.neucom.2023.03.047},
   issn = {18728286},
   journal = {Neurocomputing},
   keywords = {Deep neural networks,Dimension reduction,Feature screening,Feature selection,Ultra high-dimensional data},
   month = {6},
   publisher = {Elsevier B.V.},
   title = {Deep feature screening: Feature selection for ultra high-dimensional data via deep neural networks},
   volume = {538},
   year = {2023},
}
@book{Goodfellow-et-al-2016,
    title={Deep Learning},
    author={Ian Goodfellow and Yoshua Bengio and Aaron Courville},
    publisher={MIT Press},
    note={\url{http://www.deeplearningbook.org}},
    year={2016}
}
@article{Wilby2014,
author = "Robert Wilby and Christian Dawson and Conor Murphy and P. O'Connor and E. Hawkins",
title = "{The Statistical Downscaling Model - Decision Centric (SDSM-DC): conceptual basis and applications}",
year = "2014",
month = "1",
}
@article{downscaling,
author = {Ekström, Marie and Grose, Michael R and Whetton, Penny H},
title = {An appraisal of downscaling methods used in climate change research},
journal = {WIREs Climate Change},
volume = {6},
number = {3},
pages = {301-319},
doi = {https://doi.org/10.1002/wcc.339},
year = {2015}
}
@article{VALUE,
author = {Maraun, Douglas and Widmann, Martin and Gutiérrez, José M. and Kotlarski, Sven and Chandler, Richard E. and Hertig, Elke and Wibig, Joanna and Huth, Radan and Wilcke, Renate A.I.},
title = {VALUE: A framework to validate downscaling approaches for climate change studies},
journal = {Earth's Future},
volume = {3},
number = {1},
pages = {1-14},
keywords = {Downscaling, Validation, Regional Climate Modelling, Statistical Downscaling, Dynamical Downscaling, Bias Correction},
doi = {https://doi.org/10.1002/2014EF000259},
year = {2015}
}
@article{impact,
author={Medar, Ramesh and Rajpurohit, Vijay S. and Rashmi, B.},
booktitle={2017 International Conference on Computing, Communication, Control and Automation (ICCUBEA)}, 
title={Impact of Training and Testing Data Splits on Accuracy of Time Series Forecasting in Machine Learning}, 
year={2017},
volume={},
number={},
pages={1-6},
doi={10.1109/ICCUBEA.2017.8463779}
}
@inbook{Berrar2018, 
   author = {Daniel Berrar},
   doi = {10.1016/B978-0-12-809633-8.20349-X},
   isbn = {9780128114322},
   journal = {Encyclopedia of Bioinformatics and Computational Biology: ABC of Bioinformatics},
   month = {1},
   pages = {542-545},
   publisher = {Elsevier},
   title = {Cross-validation},
   volume = {1-3},
   year = {2018},
}
@article{Riahi2011,
   author = {Keywan Riahi and Shilpa Rao and Volker Krey and Cheolhung Cho and Vadim Chirkov and Guenther Fischer and Georg Kindermann and Nebojsa Nakicenovic and Peter Rafaj},
   doi = {10.1007/s10584-011-0149-y},
   issn = {01650009},
   issue = {1},
   journal = {Climatic Change},
   month = {11},
   pages = {33-57},
   title = {RCP 8.5-A scenario of comparatively high greenhouse gas emissions},
   volume = {109},
   year = {2011},
}
@article{Willy,
author = {Williams, Peter},
year = {1997},
month = {01},
pages = {},
title = {Modelling Seasonality and Trends in Daily Rainfall Data.}
}
@article{perez2022climate,
  title={Climate projections at a convection-permitting scale of extreme temperature indices for an archipelago with a complex microclimate structure},
  author={Perez, Juan C and Exposito, Francisco J and Gonzalez, Albano and Diaz, Juan P},
  journal={Weather and Climate Extremes},
  volume={36},
  pages={100459},
  year={2022},
  publisher={Elsevier},
doi = {https://doi.org/10.1016/j.wace.2022.100459}
}

@article{taylor2012,
  title={An overview of CMIP5 and the experiment design},
  author={Taylor, Karl E and Stouffer, Ronald J and Meehl, Gerald A},
  journal={B. Am. Meteorol. Soc.},
  volume={93},
  number={4},
  pages={485--498},
  year={2012},
  publisher={American Meteorological Society}
}
@article{lluvias,
  title={The Digital Climate Atlas of the {Canary Islands}: a Tool to Improve Knowledge of Climate and Climate Change in the {Canary Islands}},
  author={De Luque Söllheim, Angel Luis and Garc{\'\i}a Hern{\'a}ndez, Fabian and Mayer Suarez, Pablo Lucas},
  journal={Available at SSRN 4470014},
  year={2023},
  doi={https://dx.doi.org/10.2139/ssrn.4470014}
}
@book{aemet,
   author = {Carlos Correa Guinea and Alfonso Hernanz Lázaro and Esteban Rodríguez Guisado},
   doi = {10.31978/666-23-009-0},
   journal = {Evaluación de métodos de regionalización estadística para la generación de proyecciones climáticas en el marco del PNACC-2 2021-2030},
   publisher = {Agencia Estatal de Meteorología},
   title = {Evaluación de métodos de regionalización estadística para la generación de proyecciones climáticas en el marco del PNACC-2 2021-2030},
   year = {2023},
}
@article {Bony2006,
      author = " Bony and Robert Colman and Vladimir M. Kattsov and Richard P. Allan and Christopher S. Bretherton and Jean-Louis Dufresne and Alex Hall and Stephane Hallegatte and Marika M. Holland and William Ingram and David A. Randall and Brian J. Soden and George Tselioudis and Mark J. Webb",
      title = "How Well Do We Understand and Evaluate Climate Change Feedback Processes?",
      journal = "Journal of Climate",
      year = "2006",
      publisher = "American Meteorological Society",
      address = "Boston MA, USA",
      volume = "19",
      number = "15",
      doi = "10.1175/JCLI3819.1",
      pages=      "3445 - 3482",
      url = "https://journals.ametsoc.org/view/journals/clim/19/15/jcli3819.1.xml"
}